// strategies

@book{kagermann2013recommendations,
  title={Recommendations for implementing the strategic initiative INDUSTRIE 4.0: Securing the future of German manufacturing industry; final report of the Industrie 4.0 Working Group},
  author={Kagermann, Henning and Helbig, Johannes and Hellinger, Ariane and Wahlster, Wolfgang},
  year={2013},
  publisher={Forschungsunion}
}

@article{advanced2012capturing,
  title={Capturing Domestic Competitive Advantage in Advanced Manufacturing},
  author={Advanced Manufacturing Partnership Steering Committee and others},
  year={2012}
}

@article{周济2015智能制造——“中国制造,
  title={智能制造——“中国制造2025”的主攻方向},
  author={周济},
  journal={中国机械工程},
  volume={26},
  number={17},
  pages={2273-2284},
  year={2015},
}

@phdthesis{王凌2007维修决策模型和方法的理论与应用研究,
  title={维修决策模型和方法的理论与应用研究},
  author={王凌},
  school={浙江大学},
  year={2007},
}

@book{united1986report,
  title={Report to the President: Actions to Implement the Recommendations of the Presidential Commission on the Space Shuttle Challenger Accident},
  author={United States. Presidential Commission on the Space Shuttle Challenger Accident},
  year={1986},
  publisher={National Aeronautics and Space Administration}
}

@article{oestern2000facts,
  title={Facts about the disaster at Eschede},
  author={Oestern, HJ and Huels, B and Quirini, W and Pohlemann, Tim},
  journal={Journal of orthopaedic trauma},
  volume={14},
  number={4},
  pages={287--290},
  year={2000},
  publisher={LWW},
}

@article{manyika2011big,
  title={Big data: The next frontier for innovation, competition, and productivity},
  author={Manyika, James and Chui, Michael and Brown, Brad and Bughin, Jacques and Dobbs, Richard and Roxburgh, Charles and Byers, Angela H},
  year={2011}
}

@article{lee2015cyber,
  title={A cyber-physical systems architecture for industry 4.0-based manufacturing systems},
  author={Lee, Jay and Bagheri, Behrad and Kao, Hung-An},
  journal={Manufacturing Letters},
  volume={3},
  pages={18--23},
  year={2015},
  publisher={Elsevier}
}

// Review
@article{彭宇2010故障预测与健康管理技术综述,
  title={故障预测与健康管理技术综述},
  author={彭宇 and 刘大同 and 彭喜元},
  journal={电子测量与仪器学报},
  volume={24},
  number={1},
  pages={1-9},
  year={2010},
  lang={zh},
}

@inproceedings{brown2007prognostics,
  title={Prognostics and health management a data-driven approach to supporting the F-35 lightning II},
  author={Brown, Edward R and McCollom, Neal N and Moore, Erin-Elaine and Hess, Andy},
  booktitle={Aerospace Conference, 2007 IEEE},
  pages={1--12},
  year={2007},
  organization={IEEE}
}

@article{tsui2015prognostics,
  title={Prognostics and health management: A review on data driven approaches},
  author={Tsui, Kwok L and Chen, Nan and Zhou, Qiang and Hai, Yizhen and Wang, Wenbin},
  journal={Mathematical Problems in Engineering},
  volume={2015},
  year={2015},
  publisher={Hindawi}
}

@misc{webb2018deep,
  title={Deep learning for biology},
  author={Webb, Sarah},
  year={2018},
  publisher={Nature Publishing Group}
}

@article{jardine2006review,
  title={A review on machinery diagnostics and prognostics implementing condition-based maintenance},
  author={Jardine, Andrew KS and Lin, Daming and Banjevic, Dragan},
  journal={Mechanical systems and signal processing},
  volume={20},
  number={7},
  pages={1483--1510},
  year={2006},
  publisher={Elsevier}
}

@article{peng2010current,
  title={Current status of machine prognostics in condition-based maintenance: a review},
  author={Peng, Ying and Dong, Ming and Zuo, Ming Jian},
  journal={The International Journal of Advanced Manufacturing Technology},
  volume={50},
  number={1-4},
  pages={297--313},
  year={2010},
  publisher={Springer}
}

@article{lee2014prognostics,
  title={Prognostics and health management design for rotary machinery systems—Reviews, methodology and applications},
  author={Lee, Jay and Wu, Fangji and Zhao, Wenyu and Ghaffari, Masoud and Liao, Linxia and Siegel, David},
  journal={Mechanical systems and signal processing},
  volume={42},
  number={1-2},
  pages={314--334},
  year={2014},
  publisher={Elsevier}
}

// HI extract or RUL estimate

@article{si2011remaining,
  title={Remaining useful life estimation--a review on the statistical data driven approaches},
  author={Si, Xiao-Sheng and Wang, Wenbin and Hu, Chang-Hua and Zhou, Dong-Hua},
  journal={European journal of operational research},
  volume={213},
  number={1},
  pages={1--14},
  year={2011},
  publisher={Elsevier}
}

@article{zhou2011latent,
  title={Latent degradation indicators estimation and prediction: A Monte Carlo approach},
  author={Zhou, Yifan and Sun, Yong and Mathew, Joseph and Wolff, Rodney and Ma, Lin},
  journal={Mechanical Systems and Signal Processing},
  volume={25},
  number={1},
  pages={222--236},
  year={2011},
  publisher={Elsevier}
}

@article{he2012integrated,
  title={An integrated approach for gear health prognostics},
  author={He, David and Bechhoefer, Eric and Dempsey, Paula and Ma, Jinghua},
  year={2012}
}

@article{patil2008failure,
  title={Failure precursors for insulated gate bipolar transistors (IGBTs)},
  author={Patil, Nishad and Das, Diganta and Goebel, Kai and Pecht, Michael},
  year={2008},
  publisher={IET}
}

@article{yan2004prognostic,
  title={A prognostic algorithm for machine performance assessment and its application},
  author={Yan, Jihong and Koc, Muammer and Lee, Jay},
  journal={Production Planning \& Control},
  volume={15},
  number={8},
  pages={796--801},
  year={2004},
  publisher={Taylor \& Francis}
}

@article{pecht2010prognostics,
  title={A prognostics and health management roadmap for information and electronics-rich systems},
  author={Pecht, Michael and Jaai, Rubyca},
  journal={Microelectronics Reliability},
  volume={50},
  number={3},
  pages={317--323},
  year={2010},
  publisher={Elsevier}
}

@inproceedings{wang2008similarity,
  title={A similarity-based prognostics approach for remaining useful life estimation of engineered systems},
  author={Wang, Tianyi and Yu, Jianbo and Siegel, David and Lee, Jay},
  booktitle={Prognostics and Health Management, 2008. PHM 2008. International Conference on},
  pages={1--6},
  year={2008},
  organization={IEEE}
}

@article{liu2015health,
  title={A health indicator extraction and optimization framework for lithium-ion battery degradation modeling and prognostics},
  author={Liu, Datong and Zhou, Jianbao and Liao, Haitao and Peng, Yu and Peng, Xiyuan},
  journal={IEEE Transactions on Systems, Man, and Cybernetics: Systems},
  volume={45},
  number={6},
  pages={915--928},
  year={2015},
  publisher={IEEE}
}

@inproceedings{byington2004model,
  title={A model-based approach to prognostics and health management for flight control actuators},
  author={Byington, Carl S and Watson, Matthew and Edwards, Doug and Stoelting, Paul},
  booktitle={Aerospace Conference, 2004. Proceedings. 2004 IEEE},
  volume={6},
  pages={3551--3562},
  year={2004},
  organization={IEEE}
}

////////// time-series mining

@article{rabiner1975theory,
  title={Theory and application of digital signal processing},
  author={Rabiner, Lawrence R and Gold, Bernard},
  journal={Englewood Cliffs, NJ, Prentice-Hall, Inc., 1975. 777 p.},
  year={1975}
}

@book{aggarwal2015data,
  title={Data mining: the textbook},
  author={Aggarwal, Charu C},
  year={2015},
  publisher={Springer}
}

@book{bisgaard2011time,
  title={Time series analysis and forecasting by example},
  author={Bisgaard, S{\o}ren and Kulahci, Murat},
  year={2011},
  publisher={John Wiley \& Sons}
}

@article{esling2012time,
  title={Time-series data mining},
  author={Esling, Philippe and Agon, Carlos},
  journal={ACM Computing Surveys (CSUR)},
  volume={45},
  number={1},
  pages={12},
  year={2012},
  publisher={ACM}
}

@article{gaber2005mining,
  title={Mining data streams: a review},
  author={Gaber, Mohamed Medhat and Zaslavsky, Arkady and Krishnaswamy, Shonali},
  journal={ACM Sigmod Record},
  volume={34},
  number={2},
  pages={18--26},
  year={2005},
  publisher={ACM}
}

@article{fu2011review,
  title={A review on time series data mining},
  author={Fu, Tak-chung},
  journal={Engineering Applications of Artificial Intelligence},
  volume={24},
  number={1},
  pages={164--181},
  year={2011},
  publisher={Elsevier}
}

@article{wang2013bag,
  title={Bag-of-words representation for biomedical time series classification},
  author={Wang, Jin and Liu, Ping and She, Mary FH and Nahavandi, Saeid and Kouzani, Abbas},
  journal={Biomedical Signal Processing and Control},
  volume={8},
  number={6},
  pages={634--644},
  year={2013},
  publisher={Elsevier}
}

@article{bagnall2017great,
  title={The great time series classification bake off: a review and experimental evaluation of recent algorithmic advances},
  author={Bagnall, Anthony and Lines, Jason and Bostrom, Aaron and Large, James and Keogh, Eamonn},
  journal={Data Mining and Knowledge Discovery},
  volume={31},
  number={3},
  pages={606--660},
  year={2017},
  publisher={Springer}
}

@inproceedings{lenzerini2002data,
  title={Data integration: A theoretical perspective},
  author={Lenzerini, Maurizio},
  booktitle={Proceedings of the twenty-first ACM SIGMOD-SIGACT-SIGART symposium on Principles of database systems},
  pages={233--246},
  year={2002},
  organization={ACM}
}

@article{keogh2003need,
  title={On the need for time series data mining benchmarks: a survey and empirical demonstration},
  author={Keogh, Eamonn and Kasetty, Shruti},
  journal={Data Mining and knowledge discovery},
  volume={7},
  number={4},
  pages={349--371},
  year={2003},
  publisher={Springer}
}

@book{guyon2008feature,
  title={Feature extraction: foundations and applications},
  author={Guyon, Isabelle and Gunn, Steve and Nikravesh, Masoud and Zadeh, Lofti A},
  volume={207},
  year={2008},
  publisher={Springer}
}

@inproceedings{storcheus2015survey,
  title={A survey of modern questions and challenges in feature extraction},
  author={Storcheus, Dmitry and Rostamizadeh, Afshin and Kumar, Sanjiv},
  booktitle={Feature Extraction: Modern Questions and Challenges},
  pages={1--18},
  year={2015}
}

@article{lei2013review,
  title={A review on empirical mode decomposition in fault diagnosis of rotating machinery},
  author={Lei, Yaguo and Lin, Jing and He, Zhengjia and Zuo, Ming J},
  journal={Mechanical Systems and Signal Processing},
  volume={35},
  number={1-2},
  pages={108--126},
  year={2013},
  publisher={Elsevier}
}

@article{lei2009gear,
  title={Gear crack level identification based on weighted K nearest neighbor classification algorithm},
  author={Lei, Yaguo and Zuo, Ming J},
  journal={Mechanical Systems and Signal Processing},
  volume={23},
  number={5},
  pages={1535--1547},
  year={2009},
  publisher={Elsevier}
}

@book{brockwell2016introduction,
  title={Introduction to time series and forecasting},
  author={Brockwell, Peter J and Davis, Richard A},
  year={2016},
  publisher={springer}
}

/////////////// Symbolic regression


@online{2015年交通运输行业发展统计公报,
  author =      {中华人民共和国交通运输部},
  title =       {2015年交通运输行业发展统计公报},
  citedate =    {2018-04-11},
  year=         {2015},
  url =         {http://zizhan.mot.gov.cn/zfxxgk/bnssj/zhghs/201605/t20160506_2024006.html},
}

@phdthesis{陈德生2003列车轴温规律及红外线轴温探测方式的研究,
  title={列车轴温规律及红外线轴温探测方式的研究},
  author={陈德生},
  school={哈尔滨工程大学},
  year={2003},
}

@book{good2006resampling,
  title={Resampling methods},
  author={Good, Phillip I},
  year={2006},
  publisher={Springer}
}
@inproceedings{ma2016prediction,
  title={A Prediction Method Based on Stepwise Regression Analysis for Train Axle Temperature},
  author={Ma, Weigang and Tan, Siyu and Hei, Xinhong and Zhao, Jinwei and Xie, Guo},
  booktitle={Computational Intelligence and Security (CIS), 2016 12th International Conference on},
  pages={386--390},
  year={2016},
  organization={IEEE}
}

@article{yi2015faults,
  title={Faults diagnostics of railway axle bearings based on IMF’s confidence index algorithm for ensemble EMD},
  author={Yi, Cai and Lin, Jianhui and Zhang, Weihua and Ding, Jianming},
  journal={Sensors},
  volume={15},
  number={5},
  pages={10991--11011},
  year={2015},
  publisher={Multidisciplinary Digital Publishing Institute}
}

@article{amini2016wayside,
  title={Wayside detection of faults in railway axle bearings using time spectral kurtosis analysis on high-frequency acoustic emission signals},
  author={Amini, Arash and Entezami, Mani and Huang, Zheng and Rowshandel, Hamed and Papaelias, Mayorkinos},
  journal={Advances in Mechanical Engineering},
  volume={8},
  number={11},
  pages={1687814016676000},
  year={2016},
  publisher={SAGE Publications Sage UK: London, England}
}

[27]
@article{bongard2007automated,
  title={Automated reverse engineering of nonlinear dynamical systems},
  author={Bongard, Josh and Lipson, Hod},
  journal={Proceedings of the National Academy of Sciences},
  volume={104},
  number={24},
  pages={9943--9948},
  year={2007},
  publisher={National Acad Sciences}
}
[28]
@article{giustolisi2004using,
  title={Using genetic programming to determine Chezy resistance coefficient in corrugated channels},
  author={Giustolisi, Orazio},
  journal={Journal of Hydroinformatics},
  volume={6},
  number={3},
  pages={157--173},
  year={2004},
  publisher={IWA Publishing}
}
[29]
@article{giannakis2001bibliography,
  title={A bibliography on nonlinear system identification},
  author={Giannakis, Georgios B and Serpedin, Erchin},
  journal={Signal Processing},
  volume={81},
  number={3},
  pages={533--580},
  year={2001},
  publisher={Elsevier}
}
[30]
@article{schmidt2009distilling,
  title={Distilling free-form natural laws from experimental data},
  author={Schmidt, Michael and Lipson, Hod},
  journal={science},
  volume={324},
  number={5923},
  pages={81--85},
  year={2009},
  publisher={American Association for the Advancement of Science}
}
[31]
@article{daniels2015automated,
  title={Automated adaptive inference of phenomenological dynamical models},
  author={Daniels, Bryan C and Nemenman, Ilya},
  journal={Nature communications},
  volume={6},
  pages={8133},
  year={2015},
  publisher={Nature Publishing Group}
}
[32]
@article{koza1994genetic,
  title={Genetic programming as a means for programming computers by natural selection},
  author={Koza, John R},
  journal={Statistics and computing},
  volume={4},
  number={2},
  pages={87--112},
  year={1994},
  publisher={Springer}
}
[33]
@inproceedings{searson2010gptips,
  title={GPTIPS: an open source genetic programming toolbox for multigene symbolic regression},
  author={Searson, Dominic P and Leahy, David E and Willis, Mark J},
  booktitle={Proceedings of the International multiconference of engineers and computer scientists},
  volume={1},
  pages={77--80},
  year={2010},
  organization={Citeseer}
}
[34]
@article{fortin2012deap,
  title={DEAP: Evolutionary algorithms made easy},
  author={Fortin, F{\'e}lix-Antoine and Rainville, Fran{\c{c}}ois-Michel De and Gardner, Marc-Andr{\'e} and Parizeau, Marc and Gagn{\'e}, Christian},
  journal={Journal of Machine Learning Research},
  volume={13},
  number={Jul},
  pages={2171--2175},
  year={2012}
}
[35]
@article{la2016automatic,
  title={Automatic identification of wind turbine models using evolutionary multiobjective optimization},
  author={La Cava, William and Danai, Kourosh and Spector, Lee and Fleming, Paul and Wright, Alan and Lackner, Matthew},
  journal={Renewable Energy},
  volume={87},
  pages={892--902},
  year={2016},
  publisher={Elsevier}
}
[36]
@article{narotam2014physiological,
  title={Physiological complexity of acute traumatic brain injury in patients treated with a brain oxygen protocol: Utility of symbolic regression in predictive modeling of a dynamical system},
  author={Narotam, Pradeep K and Morrison, John F and Schmidt, Michael D and Nathoo, Narendra},
  journal={Journal of neurotrauma},
  volume={31},
  number={7},
  pages={630--641},
  year={2014},
  publisher={Mary Ann Liebert, Inc. 140 Huguenot Street, 3rd Floor New Rochelle, NY 10801 USA}
}
[37]
@article{sarradj2014symbolic,
  title={Symbolic regression modeling of noise generation at porous airfoils},
  author={Sarradj, Ennes and Geyer, Thomas},
  journal={Journal of Sound and Vibration},
  volume={333},
  number={14},
  pages={3189--3202},
  year={2014},
  publisher={Elsevier}
}
[38]
@incollection{mcconaghy2011ffx,
  title={FFX: Fast, scalable, deterministic symbolic regression technology},
  author={McConaghy, Trent},
  booktitle={Genetic Programming Theory and Practice IX},
  pages={235--260},
  year={2011},
  publisher={Springer}
}

[39]
@article{davidson2003symbolic,
  title={Symbolic and numerical regression: experiments and applications},
  author={Davidson, James W and Savic, Dragan A and Walters, Godfrey A},
  journal={Information Sciences},
  volume={150},
  number={1-2},
  pages={95--117},
  year={2003},
  publisher={Elsevier}
}


/////////////// critical transection

@book{auyang1999foundations,
  title={Foundations of complex-system theories: in economics, evolutionary biology, and statistical physics},
  author={Auyang, Sunny Y},
  year={1999},
  publisher={Cambridge University Press}
}

@article{scheffer2010complex,
  title={Complex systems: foreseeing tipping points},
  author={Scheffer, Marten},
  journal={Nature},
  volume={467},
  number={7314},
  pages={411},
  year={2010},
  publisher={Nature Publishing Group}
}
[1]
@book{scheffer2009critical,
  title={Critical transitions in nature and society},
  author={Scheffer, Marten},
  year={2009},
  publisher={Princeton University Press}
}
[4]
@article{wang2012flickering,
  title={Flickering gives early warning signals of a critical transition to a eutrophic lake state},
  author={Wang, Rong and Dearing, John A and Langdon, Peter G and Zhang, Enlou and Yang, Xiangdong and Dakos, Vasilis and Scheffer, Marten},
  journal={Nature},
  volume={492},
  number={7429},
  pages={419},
  year={2012},
  publisher={Nature Publishing Group}
}
[5]
@article{boettiger2012quantifying,
  title={Quantifying limits to detection of early warning for critical transitions},
  author={Boettiger, Carl and Hastings, Alan},
  journal={Journal of the Royal Society Interface},
  pages={rsif20120125},
  year={2012},
  publisher={The Royal Society}
}
[6]
@article{guttal2008changing,
  title={Changing skewness: an early warning signal of regime shifts in ecosystems},
  author={Guttal, Vishwesha and Jayaprakash, Ciriyam},
  journal={Ecology letters},
  volume={11},
  number={5},
  pages={450--460},
  year={2008},
  publisher={Wiley Online Library}
}
[8]
@article{rietkerk2004self,
  title={Self-organized patchiness and catastrophic shifts in ecosystems},
  author={Rietkerk, Max and Dekker, Stefan C and De Ruiter, Peter C and van de Koppel, Johan},
  journal={Science},
  volume={305},
  number={5692},
  pages={1926--1929},
  year={2004},
  publisher={American Association for the Advancement of Science}
}
[10]
@article{meisel2015critical,
  title={Critical slowing down governs the transition to neuron spiking},
  author={Meisel, Christian and Klaus, Andreas and Kuehn, Christian and Plenz, Dietmar},
  journal={PLoS computational biology},
  volume={11},
  number={2},
  pages={e1004097},
  year={2015},
  publisher={Public Library of Science}
}
[11]
@article{lenton2008tipping,
  title={Tipping elements in the Earth's climate system},
  author={Lenton, Timothy M and Held, Hermann and Kriegler, Elmar and Hall, Jim W and Lucht, Wolfgang and Rahmstorf, Stefan and Schellnhuber, Hans Joachim},
  journal={Proceedings of the national Academy of Sciences},
  volume={105},
  number={6},
  pages={1786--1793},
  year={2008},
  publisher={National Acad Sciences}
}
[12]
@article{may2008complex,
  title={Complex systems: Ecology for bankers},
  author={May, Robert M and Levin, Simon A and Sugihara, George},
  journal={Nature},
  volume={451},
  number={7181},
  pages={893},
  year={2008},
  publisher={Nature Publishing Group}
}
[13]
@article{ladyman2013complex,
  title={What is a complex system?},
  author={Ladyman, James and Lambert, James and Wiesner, Karoline},
  journal={European Journal for Philosophy of Science},
  volume={3},
  number={1},
  pages={33--67},
  year={2013},
  publisher={Springer}
}
[14]
@book{bar1997dynamics,
  title={Dynamics of complex systems},
  author={Bar-Yam, Yaneer},
  volume={213},
  year={1997},
  publisher={Addison-Wesley Reading, MA}
}
[15]
@article{endy2005foundations,
  title={Foundations for engineering biology},
  author={Endy, Drew},
  journal={Nature},
  volume={438},
  number={7067},
  pages={449},
  year={2005},
  publisher={Nature Publishing Group}
}
[16]
@article{dakos2015resilience,
  title={Resilience indicators: prospects and limitations for early warnings of regime shifts},
  author={Dakos, Vasilis and Carpenter, Stephen R and van Nes, Egbert H and Scheffer, Marten},
  journal={Philosophical Transactions of the Royal Society B: Biological Sciences},
  volume={370},
  number={1659},
  pages={20130263},
  year={2015},
  publisher={The Royal Society}
}
[17]
@book{strogatz2018nonlinear,
  title={Nonlinear dynamics and chaos: with applications to physics, biology, chemistry, and engineering},
  author={Strogatz, Steven H},
  year={2018},
  publisher={CRC Press}
}
[18]
@article{cotilla2012predicting,
  title={Predicting critical transitions from time series synchrophasor data},
  author={Cotilla-Sanchez, Eduardo and Hines, Paul DH and Danforth, Christopher M},
  journal={IEEE Transactions on smart grid},
  volume={3},
  number={4},
  pages={1832--1840},
  year={2012},
  publisher={IEEE}
}
[20]
@article{chan2007data,
  title={Data mining of resilience indicators},
  author={Chan, Ngai Hang and Wong, Hoi Ying},
  journal={IIE Transactions},
  volume={39},
  number={6},
  pages={617--627},
  year={2007},
  publisher={Taylor \& Francis}
}
[23]
@inproceedings{may2010high,
  title={A high-fidelity simulation of a generic commercial aircraft engine and controller},
  author={May, Ryan and Csank, Jeffrey and Lavelle, Thomas and Litt, Jonathan and Guo, Ten-Huei},
  booktitle={46th AIAA/ASME/SAE/ASEE Joint Propulsion Conference \& Exhibit},
  pages={6630},
  year={2010}
}
[24]
@inproceedings{sonnenfeld2008agile,
  title={An agile accelerated aging, characterization and scenario simulation system for gate controlled power transistors},
  author={Sonnenfeld, Greg and Goebel, Kai and Celaya, Jose R},
  booktitle={AUTOTESTCON, 2008 IEEE},
  pages={208--215},
  year={2008},
  organization={IEEE}
}
[25]
@article{eker2012major,
  title={Major challenges in prognostics: study on benchmarking prognostic datasets},
  author={Eker, {\"O}mer Faruk and Camci, Faith and Jennions, Ian K},
  year={2012},
  publisher={PHM Society}
}
[27]
@article{brunton2016discovering,
  title={Discovering governing equations from data by sparse identification of nonlinear dynamical systems},
  author={Brunton, Steven L and Proctor, Joshua L and Kutz, J Nathan},
  journal={Proceedings of the National Academy of Sciences},
  volume={113},
  number={15},
  pages={3932--3937},
  year={2016},
  publisher={National Acad Sciences}
}

[18]
@article{scheffer2009early,
  title={Early-warning signals for critical transitions},
  author={Scheffer, Marten and Bascompte, Jordi and Brock, William A and Brovkin, Victor and Carpenter, Stephen R and Dakos, Vasilis and Held, Hermann and Van Nes, Egbert H and Rietkerk, Max and Sugihara, George},
  journal={Nature},
  volume={461},
  number={7260},
  pages={53},
  year={2009},
  publisher={Nature Publishing Group}
}
[19]
@article{dakos2008slowing,
  title={Slowing down as an early warning signal for abrupt climate change},
  author={Dakos, Vasilis and Scheffer, Marten and van Nes, Egbert H and Brovkin, Victor and Petoukhov, Vladimir and Held, Hermann},
  journal={Proceedings of the National Academy of Sciences},
  volume={105},
  number={38},
  pages={14308--14312},
  year={2008},
  publisher={National Acad Sciences}
}
[20]
@article{battiston2016complexity,
  title={Complexity theory and financial regulation},
  author={Battiston, Stefano and Farmer, J Doyne and Flache, Andreas and Garlaschelli, Diego and Haldane, Andrew G and Heesterbeek, Hans and Hommes, Cars and Jaeger, Carlo and May, Robert and Scheffer, Marten},
  journal={Science},
  volume={351},
  number={6275},
  pages={818--819},
  year={2016},
  publisher={American Association for the Advancement of Science}
}
[21]
@article{litt2001epileptic,
  title={Epileptic seizures may begin hours in advance of clinical onset: a report of five patients},
  author={Litt, Brian and Esteller, Rosana and Echauz, Javier and D'Alessandro, Maryann and Shor, Rachel and Henry, Thomas and Pennell, Page and Epstein, Charles and Bakay, Roy and Dichter, Marc and others},
  journal={Neuron},
  volume={30},
  number={1},
  pages={51--64},
  year={2001},
  publisher={Elsevier}
}
[22]
@book{mayergoyz2003mathematical,
  title={Mathematical models of hysteresis and their applications},
  author={Mayergoyz, Isaak D},
  year={2003},
  publisher={Academic Press}
}
[23]
@article{scheffer2012anticipating,
  title={Anticipating critical transitions},
  author={Scheffer, Marten and Carpenter, Stephen R and Lenton, Timothy M and Bascompte, Jordi and Brock, William and Dakos, Vasilis and Van de Koppel, Johan and Van de Leemput, Ingrid A and Levin, Simon A and Van Nes, Egbert H and others},
  journal={science},
  volume={338},
  number={6105},
  pages={344--348},
  year={2012},
  publisher={American Association for the Advancement of Science}
}
[24]
@article{gao2016universal,
  title={Universal resilience patterns in complex networks},
  author={Gao, Jianxi and Barzel, Baruch and Barab{\'a}si, Albert-L{\'a}szl{\'o}},
  journal={Nature},
  volume={530},
  number={7590},
  pages={307},
  year={2016},
  publisher={Nature Publishing Group}
}
[25]
@inproceedings{jiang2006discovering,
  title={Discovering likely invariants of distributed transaction systems for autonomic system management},
  author={Jiang, Guofei and Chen, Haifeng and Yoshihira, Kenji},
  booktitle={Autonomic Computing, 2006. ICAC'06. IEEE International Conference on},
  pages={199--208},
  year={2006},
  organization={IEEE}
}
[26]
@inproceedings{han2015time,
  title={Time series segmentation to discover behavior switching in complex physical systems},
  author={Han, Zheng and Chen, Haifeng and Yan, Tan and Jiang, Geoff},
  booktitle={Data Mining (ICDM), 2015 IEEE International Conference on},
  pages={161--170},
  year={2015},
  organization={IEEE}
}

// complex sysetm

@article{scheffer2001catastrophic,
  title={Catastrophic shifts in ecosystems},
  author={Scheffer, Marten and Carpenter, Steve and Foley, Jonathan A and Folke, Carl and Walker, Brian},
  journal={Nature},
  volume={413},
  number={6856},
  pages={591},
  year={2001},
  publisher={Nature Publishing Group}
}

@article{van2007slow,
  title={Slow recovery from perturbations as a generic indicator of a nearby catastrophic shift},
  author={Van Nes, Egbert H and Scheffer, Marten},
  journal={The American Naturalist},
  volume={169},
  number={6},
  pages={738--747},
  year={2007},
  publisher={The University of Chicago Press}
}

@article{longtin2010stochastic,
  title={Stochastic dynamical systems},
  author={Longtin, Andre},
  journal={Scholarpedia},
  volume={5},
  number={4},
  pages={1619},
  year={2010}
}

@article{carpenter2011early,
  title={Early warnings of regime shifts: a whole-ecosystem experiment},
  author={Carpenter, Stephen R and Cole, Jonathan J and Pace, Michael L and Batt, Ryan and Brock, WA and Cline, Timmothy and Coloso, Jim and Hodgson, James R and Kitchell, Jim F and Seekell, David A and others},
  journal={Science},
  volume={332},
  number={6033},
  pages={1079--1082},
  year={2011},
  publisher={American Association for the Advancement of Science}
}


@article{wolfram1985origins,
  title={Origins of randomness in physical systems},
  author={Wolfram, Stephen},
  journal={Physical Review Letters},
  volume={55},
  number={5},
  pages={449},
  year={1985},
  publisher={APS}
}

//////////////////  deep learning

@article{creswell2018generative,
  title={Generative Adversarial Networks: An Overview},
  author={Creswell, Antonia and White, Tom and Dumoulin, Vincent and Arulkumaran, Kai and Sengupta, Biswa and Bharath, Anil A},
  journal={IEEE Signal Processing Magazine},
  volume={35},
  number={1},
  pages={53--65},
  year={2018},
  publisher={IEEE}
}

@inproceedings{mirowski2008comparing,
  title={Comparing SVM and convolutional networks for epileptic seizure prediction from intracranial EEG},
  author={Mirowski, Piotr W and LeCun, Yann and Madhavan, Deepak and Kuzniecky, Ruben},
  booktitle={Machine Learning for Signal Processing, 2008. MLSP 2008. IEEE Workshop on},
  pages={244--249},
  year={2008},
  organization={IEEE}
}

@inproceedings{krizhevsky2012imagenet,
  title={Imagenet classification with deep convolutional neural networks},
  author={Krizhevsky, Alex and Sutskever, Ilya and Hinton, Geoffrey E},
  booktitle={Advances in neural information processing systems},
  pages={1097--1105},
  year={2012}
}

@inproceedings{sundermeyer2012lstm,
  title={LSTM neural networks for language modeling},
  author={Sundermeyer, Martin and Schl{\"u}ter, Ralf and Ney, Hermann},
  booktitle={Thirteenth Annual Conference of the International Speech Communication Association},
  year={2012}
}

@article{lecun2015deep,
  title={Deep learning},
  author={LeCun, Yann and Bengio, Yoshua and Hinton, Geoffrey},
  journal={nature},
  volume={521},
  number={7553},
  pages={436},
  year={2015},
  publisher={Nature Publishing Group}
}

@article{langkvist2014review,
  title={A review of unsupervised feature learning and deep learning for time-series modeling},
  author={L{\"a}ngkvist, Martin and Karlsson, Lars and Loutfi, Amy},
  journal={Pattern Recognition Letters},
  volume={42},
  pages={11--24},
  year={2014},
  publisher={Elsevier}
}

@book{frey1998graphical,
  title={Graphical models for machine learning and digital communication},
  author={Frey, Brendan J},
  year={1998},
  publisher={MIT press}
}

@article{russakovsky2015imagenet,
  title={Imagenet large scale visual recognition challenge},
  author={Russakovsky, Olga and Deng, Jia and Su, Hao and Krause, Jonathan and Satheesh, Sanjeev and Ma, Sean and Huang, Zhiheng and Karpathy, Andrej and Khosla, Aditya and Bernstein, Michael and others},
  journal={International Journal of Computer Vision},
  volume={115},
  number={3},
  pages={211--252},
  year={2015},
  publisher={Springer}
}

@inproceedings{salakhutdinov2010efficient,
  title={Efficient learning of deep Boltzmann machines},
  author={Salakhutdinov, Ruslan and Larochelle, Hugo},
  booktitle={Proceedings of the Thirteenth International Conference on Artificial Intelligence and Statistics},
  pages={693--700},
  year={2010}
}


inproceedings{vincent2008extracting,
  title={Extracting and composing robust features with denoising autoencoders},
  author={Vincent, Pascal and Larochelle, Hugo and Bengio, Yoshua and Manzagol, Pierre-Antoine},
  booktitle={Proceedings of the 25th international conference on Machine learning},
  pages={1096--1103},
  year={2008},
  organization={ACM}
}

@inproceedings{lee2009convolutional,
  title={Convolutional deep belief networks for scalable unsupervised learning of hierarchical representations},
  author={Lee, Honglak and Grosse, Roger and Ranganath, Rajesh and Ng, Andrew Y},
  booktitle={Proceedings of the 26th annual international conference on machine learning},
  pages={609--616},
  year={2009},
  organization={ACM}
}

@inproceedings{goodfellow2014generative,
  title={Generative adversarial nets},
  author={Goodfellow, Ian and Pouget-Abadie, Jean and Mirza, Mehdi and Xu, Bing and Warde-Farley, David and Ozair, Sherjil and Courville, Aaron and Bengio, Yoshua},
  booktitle={Advances in neural information processing systems},
  pages={2672--2680},
  year={2014}
}

@article{radford2015unsupervised,
  title={Unsupervised representation learning with deep convolutional generative adversarial networks},
  author={Radford, Alec and Metz, Luke and Chintala, Soumith},
  journal={arXiv preprint arXiv:1511.06434},
  year={2015}
}

@article{mirza2014conditional,
  title={Conditional generative adversarial nets},
  author={Mirza, Mehdi and Osindero, Simon},
  journal={arXiv preprint arXiv:1411.1784},
  year={2014}
}

@inproceedings{chen2016infogan,
  title={Infogan: Interpretable representation learning by information maximizing generative adversarial nets},
  author={Chen, Xi and Duan, Yan and Houthooft, Rein and Schulman, John and Sutskever, Ilya and Abbeel, Pieter},
  booktitle={Advances in Neural Information Processing Systems},
  pages={2172--2180},
  year={2016}
}

@inproceedings{salimans2016improved,
  title={Improved techniques for training gans},
  author={Salimans, Tim and Goodfellow, Ian and Zaremba, Wojciech and Cheung, Vicki and Radford, Alec and Chen, Xi},
  booktitle={Advances in Neural Information Processing Systems},
  pages={2234--2242},
  year={2016}
}

@article{arjovsky2017wasserstein,
  title={Wasserstein gan},
  author={Arjovsky, Martin and Chintala, Soumith and Bottou, L{\'e}on},
  journal={arXiv preprint arXiv:1701.07875},
  year={2017}
}

@article{ledig2016photo,
  title={Photo-realistic single image super-resolution using a generative adversarial network},
  author={Ledig, Christian and Theis, Lucas and Husz{\'a}r, Ferenc and Caballero, Jose and Cunningham, Andrew and Acosta, Alejandro and Aitken, Andrew and Tejani, Alykhan and Totz, Johannes and Wang, Zehan and others},
  journal={arXiv preprint},
  year={2016}
}

@article{isola2017image,
  title={Image-to-image translation with conditional adversarial networks},
  author={Isola, Phillip and Zhu, Jun-Yan and Zhou, Tinghui and Efros, Alexei A},
  journal={arXiv preprint},
  year={2017}
}

@inproceedings{denton2015deep,
  title={Deep generative image models using a￼ laplacian pyramid of adversarial networks},
  author={Denton, Emily L and Chintala, Soumith and Fergus, Rob and others},
  booktitle={Advances in neural information processing systems},
  pages={1486--1494},
  year={2015}
}

@article{reed2016generative,
  title={Generative adversarial text to image synthesis},
  author={Reed, Scott and Akata, Zeynep and Yan, Xinchen and Logeswaran, Lajanugen and Schiele, Bernt and Lee, Honglak},
  journal={arXiv preprint arXiv:1605.05396},
  year={2016}
}

@article{esteban2017real,
  title={Real-valued (medical) time series generation with recurrent conditional GANs},
  author={Esteban, Crist{\'o}bal and Hyland, Stephanie L and R{\"a}tsch, Gunnar},
  journal={arXiv preprint arXiv:1706.02633},
  year={2017}
}

@article{yahi2017generative,
  title={Generative Adversarial Networks for Electronic Health Records: A Framework for Exploring and Evaluating Methods for Predicting Drug-Induced Laboratory Test Trajectories},
  author={Yahi, Alexandre and Vanguri, Rami and Elhadad, No{\'e}mie and Tatonetti, Nicholas P},
  journal={arXiv preprint arXiv:1712.00164},
  year={2017}
}

@article{choi2017generating,
  title={Generating multi-label discrete electronic health records using generative adversarial networks},
  author={Choi, Edward and Biswal, Siddharth and Malin, Bradley and Duke, Jon and Stewart, Walter F and Sun, Jimeng},
  journal={arXiv preprint arXiv:1703.06490},
  year={2017}
}


// time-domain-feature

@article{he2007detection,
  title={Detection of signal transients using independent component analysis and its application in gearbox condition monitoring},
  author={He, Qingbo and Feng, Zhihua and Kong, Fanrang},
  journal={Mechanical Systems and Signal Processing},
  volume={21},
  number={5},
  pages={2056--2071},
  year={2007},
  publisher={Elsevier}
}

@article{tumer2003analysis,
  title={Analysis of triaxial vibration data for health monitoring of helicopter gearboxes},
  author={Tumer, Irem Y and Huff, Edward M},
  journal={Journal of vibration and acoustics},
  volume={125},
  number={1},
  pages={120--128},
  year={2003},
  publisher={American Society of Mechanical Engineers}
}

@article{shin1999iterative,
  title={Iterative SVD method for noise reduction of low-dimensional chaotic time series},
  author={Shin, K and Hammond, JK and White, PR},
  journal={Mechanical Systems and Signal Processing},
  volume={13},
  number={1},
  pages={115--124},
  year={1999},
  publisher={Elsevier}
}

@article{lei2010multidimensional,
  title={A multidimensional hybrid intelligent method for gear fault diagnosis},
  author={Lei, Yaguo and Zuo, Ming J and He, Zhengjia and Zi, Yanyang},
  journal={Expert Systems with Applications},
  volume={37},
  number={2},
  pages={1419--1430},
  year={2010},
  publisher={Elsevier}
}

@article{goyal2017condition,
  title={Condition monitoring parameters for fault diagnosis of fixed axis gearbox: a review},
  author={Goyal, Deepam and Pabla, BS and Dhami, SS and others},
  journal={Archives of Computational Methods in Engineering},
  volume={24},
  number={3},
  pages={543--556},
  year={2017},
  publisher={Springer}
}

// frequency, time-frequency feature
@article{soualhi2015bearing,
  title={Bearing health monitoring based on Hilbert--Huang transform, support vector machine, and regression},
  author={Soualhi, Abdenour and Medjaher, Kamal and Zerhouni, Noureddine},
  journal={IEEE Transactions on Instrumentation and Measurement},
  volume={64},
  number={1},
  pages={52--62},
  year={2015},
  publisher={IEEE}
}

@article{smith2007approach,
  title={An approach to vibration analysis using wavelets in an application of aircraft health monitoring},
  author={Smith, Cary and Akujuobi, Cajetan M and Hamory, Phil and Kloesel, Kurt},
  journal={Mechanical Systems and Signal Processing},
  volume={21},
  number={3},
  pages={1255--1272},
  year={2007},
  publisher={Elsevier}
}

// adaptive feature 

@inproceedings{keogh2000scaling,
  title={Scaling up dynamic time warping for datamining applications},
  author={Keogh, Eamonn J and Pazzani, Michael J},
  booktitle={Proceedings of the sixth ACM SIGKDD international conference on Knowledge discovery and data mining},
  pages={285--289},
  year={2000},
  organization={ACM}
}

@article{keogh2001locally,
  title={Locally adaptive dimensionality reduction for indexing large time series databases},
  author={Keogh, Eamonn and Chakrabarti, Kaushik and Pazzani, Michael and Mehrotra, Sharad},
  journal={ACM Sigmod Record},
  volume={30},
  number={2},
  pages={151--162},
  year={2001},
  publisher={ACM}
}

@inproceedings{lin2003symbolic,
  title={A symbolic representation of time series, with implications for streaming algorithms},
  author={Lin, Jessica and Keogh, Eamonn and Lonardi, Stefano and Chiu, Bill},
  booktitle={Proceedings of the 8th ACM SIGMOD workshop on Research issues in data mining and knowledge discovery},
  pages={2--11},
  year={2003},
  organization={ACM}
}

@inproceedings{ye2009time,
  title={Time series shapelets: a new primitive for data mining},
  author={Ye, Lexiang and Keogh, Eamonn},
  booktitle={Proceedings of the 15th ACM SIGKDD international conference on Knowledge discovery and data mining},
  pages={947--956},
  year={2009},
  organization={ACM}
}

// model-based feature
@misc{nelles2002nonlinear,
  title={Nonlinear system identification},
  author={Nelles, Oliver},
  year={2002},
  publisher={IOP Publishing}
}

@inproceedings{kalpakis2001distance,
  title={Distance measures for effective clustering of ARIMA time-series},
  author={Kalpakis, Konstantinos and Gada, Dhiral and Puttagunta, Vasundhara},
  booktitle={Data Mining, 2001. ICDM 2001, Proceedings IEEE International Conference on},
  pages={273--280},
  year={2001},
  organization={IEEE}
}

// dnn-based feature

@inproceedings{peel2008data,
  title={Data driven prognostics using a Kalman filter ensemble of neural network models},
  author={Peel, Leto},
  booktitle={Prognostics and Health Management, 2008. PHM 2008. International Conference on},
  pages={1--6},
  year={2008},
  organization={IEEE}
}

@article{cui2016multi,
  title={Multi-scale convolutional neural networks for time series classification},
  author={Cui, Zhicheng and Chen, Wenlin and Chen, Yixin},
  journal={arXiv preprint arXiv:1603.06995},
  year={2016}
}

@inproceedings{wang2017time,
  title={Time series classification from scratch with deep neural networks: A strong baseline},
  author={Wang, Zhiguang and Yan, Weizhong and Oates, Tim},
  booktitle={Neural Networks (IJCNN), 2017 International Joint Conference on},
  pages={1578--1585},
  year={2017},
  organization={IEEE}
}

@article{ioffe2015batch,
  title={Batch normalization: Accelerating deep network training by reducing internal covariate shift},
  author={Ioffe, Sergey and Szegedy, Christian},
  journal={arXiv preprint arXiv:1502.03167},
  year={2015}
}

@inproceedings{dosovitskiy2015learning,
  title={Learning to generate chairs with convolutional neural networks},
  author={Dosovitskiy, Alexey and Springenberg, Jost Tobias and Brox, Thomas},
  booktitle={Computer Vision and Pattern Recognition (CVPR), 2015 IEEE Conference on},
  pages={1538--1546},
  year={2015},
  organization={IEEE}
}

///////////////// data set
@online{nasa2018,
  author =      {NATIONAL AERONAUTICS AND SPACE ADMINISTRATION},
  title =       {Prognostics Data Repository},
  citedate =    {2018-04-10},
  url =         {https://ti.arc.nasa.gov/tech/dash/groups/pcoe/prognostic-data-repository/},
}

misc{UCRArchive,
title={The UCR Time Series Classification Archive},
author={ Chen, Yanping and Keogh, Eamonn and Hu, Bing and Begum, Nurjahan and Bagnall, Anthony and Mueen, Abdullah and Batista, Gustavo},
year={2015},
month={July},
note = {\url{www.cs.ucr.edu/~eamonn/time_series_data/}}
}

@article{bagnall16bakeoff,
title={The Great Time Series Classification Bake Off: a Review and Experimental Evaluation of Recent Algorithmic Advances},
author={A. Bagnall and J. Lines and A. Bostrom and J. Large and E. Keogh},
journal={Data Mining and Knowledge Discovery},
volume={Online First},
year={2016}
}

